{
  "leader": "02569cam a2200409 a 4500",
  "fields": [
    {
      "001": "ocm14133271\\"
    },
    {
      "003": "OCoLC"
    },
    {
      "005": "20220105150313.0"
    },
    {
      "008": "860807s1987\\\\\\\\laua\\\\\\\\\\b\\\\\\\\001\\0\\eng\\\\"
    },
    {
      "010": {
        "ind1": "\\",
        "ind2": "\\",
        "subfields": [
          {
            "a": "   86020040 "
          }
        ]
      }
    },
    {
      "040": {
        "ind1": "\\",
        "ind2": "\\",
        "subfields": [
          {
            "a": "DLC"
          },
          {
            "b": "eng"
          },
          {
            "c": "DLC"
          },
          {
            "d": "NLGGC"
          },
          {
            "d": "BTCTA"
          },
          {
            "d": "LVB"
          },
          {
            "d": "YDXCP"
          },
          {
            "d": "EUM"
          },
          {
            "d": "OCLCQ"
          },
          {
            "d": "OCLCO"
          },
          {
            "d": "OCLCQ"
          },
          {
            "d": "EZU"
          },
          {
            "d": "TFW"
          },
          {
            "d": "TFF"
          },
          {
            "d": "J9U"
          },
          {
            "d": "DHA"
          },
          {
            "d": "MUX"
          },
          {
            "d": "OCLCQ"
          },
          {
            "d": "TYC"
          },
          {
            "d": "OCLCQ"
          },
          {
            "d": "OCLCF"
          },
          {
            "d": "CPO"
          },
          {
            "d": "OCLCQ"
          },
          {
            "d": "OCLCO"
          },
          {
            "d": "OCLCQ"
          },
          {
            "d": "SAB"
          },
          {
            "d": "OCLCQ"
          },
          {
            "d": "UKMGB"
          },
          {
            "d": "UNOMP"
          },
          {
            "d": "OCLCO"
          }
        ]
      }
    },
    {
      "016": {
        "ind1": "7",
        "ind2": "\\",
        "subfields": [
          {
            "a": "012656282"
          },
          {
            "2": "Uk"
          }
        ]
      }
    },
    {
      "019": {
        "ind1": "\\",
        "ind2": "\\",
        "subfields": [
          {
            "a": "811377512"
          },
          {
            "a": "963345786"
          },
          {
            "a": "987870407"
          },
          {
            "a": "988450507"
          },
          {
            "a": "992670695"
          },
          {
            "a": "994388881"
          },
          {
            "a": "1004783591"
          },
          {
            "a": "1006146539"
          },
          {
            "a": "1011876818"
          },
          {
            "a": "1013280510"
          },
          {
            "a": "1015413178"
          },
          {
            "a": "1017775672"
          },
          {
            "a": "1034978682"
          },
          {
            "a": "1037764868"
          }
        ]
      }
    },
    {
      "020": {
        "ind1": "\\",
        "ind2": "\\",
        "subfields": [
          {
            "a": "0807113026"
          }
        ]
      }
    },
    {
      "020": {
        "ind1": "\\",
        "ind2": "\\",
        "subfields": [
          {
            "a": "9780807113028"
          }
        ]
      }
    },
    {
      "020": {
        "ind1": "\\",
        "ind2": "\\",
        "subfields": [
          {
            "a": "0807118842"
          }
        ]
      }
    },
    {
      "020": {
        "ind1": "\\",
        "ind2": "\\",
        "subfields": [
          {
            "a": "9780807118849"
          }
        ]
      }
    },
    {
      "035": {
        "ind1": "\\",
        "ind2": "\\",
        "subfields": [
          {
            "a": "(OCoLC)14133271"
          },
          {
            "z": "(OCoLC)811377512"
          },
          {
            "z": "(OCoLC)963345786"
          },
          {
            "z": "(OCoLC)987870407"
          },
          {
            "z": "(OCoLC)988450507"
          },
          {
            "z": "(OCoLC)992670695"
          },
          {
            "z": "(OCoLC)994388881"
          },
          {
            "z": "(OCoLC)1004783591"
          },
          {
            "z": "(OCoLC)1006146539"
          },
          {
            "z": "(OCoLC)1011876818"
          },
          {
            "z": "(OCoLC)1013280510"
          },
          {
            "z": "(OCoLC)1015413178"
          },
          {
            "z": "(OCoLC)1017775672"
          },
          {
            "z": "(OCoLC)1034978682"
          },
          {
            "z": "(OCoLC)1037764868"
          }
        ]
      }
    },
    {
      "043": {
        "ind1": "\\",
        "ind2": "\\",
        "subfields": [
          {
            "a": "n-us---"
          }
        ]
      }
    },
    {
      "050": {
        "ind1": "0",
        "ind2": "0",
        "subfields": [
          {
            "a": "E185.6.M953"
          },
          {
            "b": "S68 1987"
          }
        ]
      }
    },
    {
      "082": {
        "ind1": "0",
        "ind2": "0",
        "subfields": [
          {
            "a": "305.896073"
          },
          {
            "b": "SOU"
          }
        ]
      }
    },
    {
      "100": {
        "ind1": "1",
        "ind2": "\\",
        "subfields": [
          {
            "a": "Southern, David W."
          }
        ]
      }
    },
    {
      "245": {
        "ind1": "1",
        "ind2": "0",
        "subfields": [
          {
            "a": "Gunnar Myrdal and Black-white relations :"
          },
          {
            "b": "the use and abuse of An American dilemma, 1944-1969 /"
          },
          {
            "c": "David W. Southern."
          }
        ]
      }
    },
    {
      "260": {
        "ind1": "\\",
        "ind2": "\\",
        "subfields": [
          {
            "a": "Baton Rouge :"
          },
          {
            "b": "Louisiana State University Press,"
          },
          {
            "c": "\u00a91987."
          }
        ]
      }
    },
    {
      "300": {
        "ind1": "\\",
        "ind2": "\\",
        "subfields": [
          {
            "a": "xviii, 341 pages :"
          },
          {
            "b": "illustrations ;"
          },
          {
            "c": "23 cm"
          }
        ]
      }
    },
    {
      "336": {
        "ind1": "\\",
        "ind2": "\\",
        "subfields": [
          {
            "a": "text"
          },
          {
            "b": "txt"
          },
          {
            "2": "rdacontent"
          }
        ]
      }
    },
    {
      "337": {
        "ind1": "\\",
        "ind2": "\\",
        "subfields": [
          {
            "a": "unmediated"
          },
          {
            "b": "n"
          },
          {
            "2": "rdamedia"
          }
        ]
      }
    },
    {
      "338": {
        "ind1": "\\",
        "ind2": "\\",
        "subfields": [
          {
            "a": "volume"
          },
          {
            "b": "nc"
          },
          {
            "2": "rdacarrier"
          }
        ]
      }
    },
    {
      "504": {
        "ind1": "\\",
        "ind2": "\\",
        "subfields": [
          {
            "a": "Includes bibliographical references (pages 311-330) and index."
          }
        ]
      }
    },
    {
      "505": {
        "ind1": "0",
        "ind2": "\\",
        "subfields": [
          {
            "a": "Preface -- Acknowledgments -- A fresh mind for an old problem -- The ordeal of collaboration, 1939-1943 -- The context and content of a classic -- First reactions to the Myrdal report -- The spreading of Myrdalian thought: the Truman years -- The dilemmas in court: Mrydal and the civil rights cases, 1944-1954 -- The White South and the Far Right respond to Myrdal -- Myrdal, academia, and the race problem, 1945-1965 -- The Dilemma and the Civil Rights Movement, 1954-1965 -- New dilemmas, 1965-1969 -- The Dilemmas and Black-White relations after forty years plus: some reflections -- Epilogue: Myrdal to reexamine the American Dilemma."
          }
        ]
      }
    },
    {
      "600": {
        "ind1": "1",
        "ind2": "0",
        "subfields": [
          {
            "a": "Myrdal, Gunnar,"
          },
          {
            "d": "1898-1987."
          }
        ]
      }
    },
    {
      "650": {
        "ind1": "\\",
        "ind2": "0",
        "subfields": [
          {
            "a": "African Americans."
          }
        ]
      }
    },
    {
      "650": {
        "ind1": "\\",
        "ind2": "7",
        "subfields": [
          {
            "a": "African Americans."
          },
          {
            "2": "fast"
          },
          {
            "0": "(OCoLC)fst00799558"
          }
        ]
      }
    },
    {
      "856": {
        "ind1": "4",
        "ind2": "1",
        "subfields": [
          {
            "3": "ACLS Humanities E-Book"
          },
          {
            "u": "http://hdl.handle.net/2027/heb.02850"
          }
        ]
      }
    },
    {
      "994": {
        "ind1": "\\",
        "ind2": "\\",
        "subfields": [
          {
            "a": "Z0"
          },
          {
            "b": "NYRVC"
          }
        ]
      }
    },
    {
      "948": {
        "ind1": "\\",
        "ind2": "\\",
        "subfields": [
          {
            "h": "NO HOLDINGS IN NYRVC - 638 OTHER HOLDINGS"
          }
        ]
      }
    },
    {
      "999": {
        "ind1": "\\",
        "ind2": "\\",
        "subfields": [
          {
            "a": "00000000021026"
          }
        ]
      }
    }
  ]
}